<record><leader>00000cas a2200000 a 4500</leader><controlfield tag="001">37306949</controlfield><controlfield tag="008">970716d192719uuorucr ne      0    0eng c</controlfield><datafield ind1=" " ind2=" " tag="010"><subfield code="a">sn 96088434 </subfield></datafield><datafield ind1=" " ind2=" " tag="040"><subfield code="a">OCN</subfield><subfield code="b">eng</subfield><subfield code="c">OCN</subfield><subfield code="d">OCLCQ</subfield><subfield code="d">OCLCF</subfield><subfield code="d">OCLCO</subfield></datafield><datafield ind1="1" ind2=" " tag="029"><subfield code="a">AU@</subfield><subfield code="b">000013408260</subfield></datafield><datafield ind1=" " ind2=" " tag="042"><subfield code="a">pcc</subfield></datafield><datafield ind1=" " ind2=" " tag="043"><subfield code="a">n-us-or</subfield></datafield><datafield ind1="0" ind2=" " tag="130"><subfield code="a">Ashland register (Ashland, Or.)</subfield></datafield><datafield ind1="1" ind2="4" tag="245"><subfield code="a">The Ashland register.</subfield></datafield><datafield ind1=" " ind2=" " tag="260"><subfield code="a">Ashland, Jackson County, Or. :</subfield><subfield code="b">C.J. Read,</subfield><subfield code="c">1927-</subfield></datafield><datafield ind1=" " ind2=" " tag="300"><subfield code="a">v.</subfield></datafield><datafield ind1=" " ind2=" " tag="310"><subfield code="a">Semiweekly</subfield></datafield><datafield ind1="0" ind2=" " tag="362"><subfield code="a">Vol. 3, no. 8 (June 7, 1927)-</subfield></datafield><datafield ind1=" " ind2=" " tag="588"><subfield code="a">Latest issue consulted: Vol. 3, no. 108 (May 22, 1928).</subfield></datafield><datafield ind1=" " ind2="0" tag="651"><subfield code="a">Ashland (Or.)</subfield><subfield code="v">Newspapers.</subfield></datafield><datafield ind1=" " ind2="0" tag="651"><subfield code="a">Jackson County (Or.)</subfield><subfield code="v">Newspapers.</subfield></datafield><datafield ind1=" " ind2="7" tag="655"><subfield code="a">Newspapers.</subfield><subfield code="2">fast</subfield><subfield code="0">(OCoLC)fst01423814</subfield></datafield><datafield ind1=" " ind2="7" tag="651"><subfield code="a">Oregon</subfield><subfield code="z">Ashland.</subfield><subfield code="2">fast</subfield><subfield code="0">(OCoLC)fst01207489</subfield></datafield><datafield ind1=" " ind2="7" tag="651"><subfield code="a">Oregon</subfield><subfield code="z">Jackson County.</subfield><subfield code="2">fast</subfield><subfield code="0">(OCoLC)fst01207605</subfield></datafield><datafield ind1=" " ind2=" " tag="752"><subfield code="a">United States</subfield><subfield code="b">Oregon</subfield><subfield code="c">Jackson</subfield><subfield code="d">Ashland.</subfield></datafield><datafield ind1="0" ind2="0" tag="780"><subfield code="t">Ashland American</subfield><subfield code="w">(DLC)sn 96088433</subfield></datafield></record>